<?xml version="1.0"?>
<marc:collection xmlns:marc="http://www.loc.gov/MARC21/slim" xmlns:xsi="http://www.w3.org/2001/XMLSchema-instance" xsi:schemaLocation="http://www.loc.gov/MARC21/slim http://www.loc.gov/standards/marcxml/schema/MARC21slim.xsd">
   <marc:record type="Bibliographic">
      <marc:leader>01308cam a22003255  4500</marc:leader>
      <marc:controlfield tag="001">2786662</marc:controlfield>
      <marc:controlfield tag="003">NjP</marc:controlfield>
      <marc:controlfield tag="005">20120912173511.0</marc:controlfield>
      <marc:controlfield tag="008">991115q19641965ir            000 0 ara d</marc:controlfield>
      <marc:datafield tag="024" ind1="7" ind2=" ">
         <marc:subfield code="a">princeton_aco000074</marc:subfield>
         <marc:subfield code="2">local</marc:subfield>
      </marc:datafield>
      <marc:datafield tag="035" ind1=" " ind2=" ">
         <marc:subfield code="a">(OCoLC)ocn178675889</marc:subfield>
      </marc:datafield>
      <marc:datafield tag="035" ind1=" " ind2=" ">
         <marc:subfield code="a">(OCoLC)ocm42830149</marc:subfield>
      </marc:datafield>
      <marc:datafield tag="040" ind1=" " ind2=" ">
         <marc:subfield code="a">PUL</marc:subfield>
         <marc:subfield code="c">PUL</marc:subfield>
         <marc:subfield code="d">PUL</marc:subfield>
      </marc:datafield>
      <marc:datafield tag="035" ind1=" " ind2=" ">
         <marc:subfield code="a">(OCoLC)178675889</marc:subfield>
      </marc:datafield>
      <marc:datafield tag="035" ind1=" " ind2=" ">
         <marc:subfield code="9">CNJ5541TS</marc:subfield>
      </marc:datafield>
      <marc:datafield tag="035" ind1=" " ind2=" ">
         <marc:subfield code="a">(NjP)2786662</marc:subfield>
      </marc:datafield>
      <marc:datafield tag="079" ind1=" " ind2=" ">
         <marc:subfield code="a">ocm42830149</marc:subfield>
      </marc:datafield>
      <marc:datafield tag="049" ind1=" " ind2=" ">
         <marc:subfield code="a">PULL</marc:subfield>
      </marc:datafield>
      <marc:datafield tag="100" ind1="1" ind2=" ">
         <marc:subfield code="6">880-01</marc:subfield>
         <marc:subfield code="a">Ibn Mas&#x2BB;u&#x304;d, Ah&#x323;mad ibn &#x2BB;Ali&#x304;,</marc:subfield>
         <marc:subfield code="d">13th cent.</marc:subfield>
      </marc:datafield>
      <marc:datafield tag="245" ind1="0" ind2="0">
         <marc:subfield code="6">880-02</marc:subfield>
         <marc:subfield code="a">Mara&#x304;h&#x323; al-arwah&#x323;.</marc:subfield>
         <marc:subfield code="b">S&#x323;ah&#x323;h&#x323;ah&#x323;ahu wa-ashrafa &#x2BB;ala&#x304; t&#x323;ab&#x2BB;ihi Hida&#x304;yat Alla&#x304;h al-Mustarh&#x323;imi&#x304; al-Jarqu&#x304;&#x2BC;i&#x304;.</marc:subfield>
      </marc:datafield>
      <marc:datafield tag="260" ind1=" " ind2=" ">
         <marc:subfield code="6">880-03</marc:subfield>
         <marc:subfield code="a">Tehran,</marc:subfield>
         <marc:subfield code="b">Maktabat al-Fara&#x304;ha&#x304;ni&#x304;,</marc:subfield>
         <marc:subfield code="c">1384 [1964 or 5]</marc:subfield>
      </marc:datafield>
      <marc:datafield tag="300" ind1=" " ind2=" ">
         <marc:subfield code="a">47 p.</marc:subfield>
         <marc:subfield code="c">22 cm.</marc:subfield>
      </marc:datafield>
      <marc:datafield tag="546" ind1=" " ind2=" ">
         <marc:subfield code="a">In Arabic.</marc:subfield>
      </marc:datafield>
      <marc:datafield tag="650" ind1=" " ind2="0">
         <marc:subfield code="a">Arabic language</marc:subfield>
         <marc:subfield code="x">Inflection.</marc:subfield>
      </marc:datafield>
      <marc:datafield tag="700" ind1="1" ind2=" ">
         <marc:subfield code="6">880-04</marc:subfield>
         <marc:subfield code="a">Mustarh&#x323;imi&#x304; al-Jarqu&#x304;&#x2BC;i&#x304;, Hida&#x304;yat Alla&#x304;h.</marc:subfield>
      </marc:datafield>
      <marc:datafield tag="880" ind1="1" ind2=" ">
         <marc:subfield code="6">100-01/r</marc:subfield>
         <marc:subfield code="a">&#x627;&#x628;&#x646; &#x645;&#x633;&#x639;&#x648;&#x62F;&#x60C; &#x627;&#x62D;&#x645;&#x62F; &#x628;&#x646; &#x639;&#x644;&#x64A;&#x60C;</marc:subfield>
         <marc:subfield code="d">13th cent.</marc:subfield>
      </marc:datafield>
      <marc:datafield tag="880" ind1="0" ind2="0">
         <marc:subfield code="6">245-02/r</marc:subfield>
         <marc:subfield code="a">&#x645;&#x631;&#x627;&#x62D; &#x627;&#x644;&#x627;&#x631;&#x648;&#x62D;.</marc:subfield>
         <marc:subfield code="b">&#x635;&#x62D;&#x62D;&#x647; &#x648;&#x627;&#x634;&#x631;&#x641; &#x639;&#x644;&#x627; &#x637;&#x628;&#x639;&#x647; &#x647;&#x62F;&#x627;&#x64A;&#x629; &#x627;&#x644;&#x644;&#x647; &#x627;&#x644;&#x645;&#x633;&#x62A;&#x631;&#x62D;&#x645;&#x64A; &#x627;&#x644;&#x62C;&#x631;&#x642;&#x648;&#x626;&#x64A;.</marc:subfield>
      </marc:datafield>
      <marc:datafield tag="880" ind1=" " ind2=" ">
         <marc:subfield code="6">260-03/r</marc:subfield>
         <marc:subfield code="a">&#x62A;&#x647;&#x631;&#x646;&#x60C;</marc:subfield>
         <marc:subfield code="b">&#x645;&#x643;&#x62A;&#x628;&#x629; &#x627;&#x644;&#x641;&#x631;&#x627;&#x647;&#x627;&#x646;&#x64A;&#x60C;</marc:subfield>
         <marc:subfield code="c">1384 [1964 or 5]</marc:subfield>
      </marc:datafield>
      <marc:datafield tag="880" ind1="1" ind2=" ">
         <marc:subfield code="6">700-04/r</marc:subfield>
         <marc:subfield code="a">&#x645;&#x633;&#x62A;&#x631;&#x62D;&#x645;&#x64A; &#x627;&#x644;&#x62C;&#x631;&#x642;&#x648;&#x626;&#x64A;&#x60C; &#x647;&#x62F;&#x627;&#x64A;&#x629; &#x627;&#x644;&#x644;&#x647;.</marc:subfield>
      </marc:datafield>
      <marc:datafield tag="911" ind1=" " ind2=" ">
         <marc:subfield code="a">20000130</marc:subfield>
      </marc:datafield>
      <marc:datafield tag="994" ind1=" " ind2=" ">
         <marc:subfield code="a">C0</marc:subfield>
         <marc:subfield code="b">PUL</marc:subfield>
      </marc:datafield>
      <marc:datafield tag="999" ind1=" " ind2=" ">
         <marc:subfield code="a">2786662</marc:subfield>
      </marc:datafield>
   </marc:record>
</marc:collection>
